<collection xmlns='http://www.loc.gov/MARC21/slim' xmlns:xsi='http://www.w3.org/2001/XMLSchema-instance' xsi:schemaLocation='http://www.loc.gov/standards/marcxml/schema/MARC21slim.xsd'>
  <record xmlns="http://www.loc.gov/MARC21/slim">
    <leader>00000ntm a2200000Ia 4500</leader>
    <controlfield tag="001">on1113868962</controlfield>
    <controlfield tag="008">190826q18001899xx p          000 0 ara d</controlfield>
    <datafield tag="040" ind1=" " ind2=" ">
      <subfield code="a">HVC</subfield>
      <subfield code="b">eng</subfield>
      <subfield code="e">amremm</subfield>
      <subfield code="c">HVC</subfield>
    </datafield>
    <datafield tag="035" ind1=" " ind2=" ">
      <subfield code="a">(PHC)9910189395912049</subfield>
    </datafield>
    <datafield tag="099" ind1=" " ind2=" ">
      <subfield code="a">Rendel Harris 62</subfield>
    </datafield>
    <datafield tag="049" ind1=" " ind2=" ">
      <subfield code="a">HVCC</subfield>
    </datafield>
    <datafield tag="130" ind1="0" ind2=" ">
      <subfield code="a">Bible.</subfield>
      <subfield code="p">Pentateuch.</subfield>
      <subfield code="l">Arabic.</subfield>
    </datafield>
    <datafield tag="245" ind1="1" ind2="3">
      <subfield code="6">880-01</subfield>
      <subfield code="a">al-Tawrāt.</subfield>
    </datafield>
    <datafield tag="260" ind1=" " ind2=" ">
      <subfield code="c">[18--?]</subfield>
    </datafield>
    <datafield tag="300" ind1=" " ind2=" ">
      <subfield code="a">246 leaves :</subfield>
      <subfield code="b">paper, illuminations ;</subfield>
      <subfield code="c">208 x 150 (165 x 100) mm bound to 210 x 150.</subfield>
    </datafield>
    <datafield tag="500" ind1=" " ind2=" ">
      <subfield code="a">Manuscript codex.</subfield>
    </datafield>
    <datafield tag="520" ind1=" " ind2=" ">
      <subfield code="a">First five books of the Old Testament in Arabic translation, written in Arabic Garshuni (Arabic in Syriac letters).</subfield>
    </datafield>
    <datafield tag="546" ind1=" " ind2=" ">
      <subfield code="a">Arabic Garshuni (</subfield>
      <subfield code="b">Serto), with one word in Arabic script.</subfield>
    </datafield>
    <datafield tag="500" ind1=" " ind2=" ">
      <subfield code="a">Title from f. 1v.</subfield>
    </datafield>
    <datafield tag="500" ind1=" " ind2=" ">
      <subfield code="a">Foliation: Modern foliation in pencil added, upper left recto; catchwords every verso, lower left.</subfield>
    </datafield>
    <datafield tag="500" ind1=" " ind2=" ">
      <subfield code="a">Layout: 26-27 long lines; ruled with a misṭarah.</subfield>
    </datafield>
    <datafield tag="500" ind1=" " ind2=" ">
      <subfield code="a">Script: Written in Arabic Garshuni; Serto.</subfield>
    </datafield>
    <datafield tag="500" ind1=" " ind2=" ">
      <subfield code="a">Decoration: Simple headpiece decoration in red and black (f. 1v); rubrications in red.</subfield>
    </datafield>
    <datafield tag="500" ind1=" " ind2=" ">
      <subfield code="a">Binding: Pasteboard with paper sides; fabric reinforcement around spine edges; red and blue endbands with long, braided ends; spine missing. Numerous notations on both outside covers. Title on bottom edge in Arabic.</subfield>
    </datafield>
    <datafield tag="500" ind1=" " ind2=" ">
      <subfield code="a">Origin: Item is undated, probably copied in the 19th century.</subfield>
    </datafield>
    <datafield tag="500" ind1=" " ind2=" ">
      <subfield code="a">Syriac cataloging assistance provided by Joshua Mugler and Grigory Kessel.</subfield>
    </datafield>
    <datafield tag="524" ind1=" " ind2=" ">
      <subfield code="a">Haverford College, Quaker &amp; Special Collections mss. RH 62</subfield>
    </datafield>
    <datafield tag="561" ind1="1" ind2=" ">
      <subfield code="a">Formerly owned by J. Rendel Harris.</subfield>
    </datafield>
    <datafield tag="655" ind1=" " ind2="7">
      <subfield code="a">Manuscripts (documents)</subfield>
      <subfield code="2">aat</subfield>
    </datafield>
    <datafield tag="655" ind1=" " ind2="7">
      <subfield code="a">Codices (bound manuscripts)</subfield>
      <subfield code="2">aat</subfield>
    </datafield>
    <datafield tag="655" ind1=" " ind2="0">
      <subfield code="a">Manuscripts, Arabic.</subfield>
    </datafield>
    <datafield tag="655" ind1=" " ind2="0">
      <subfield code="a">Manuscripts, Syriac.</subfield>
    </datafield>
    <datafield tag="655" ind1=" " ind2="0">
      <subfield code="a">Manuscripts, 19th century.</subfield>
    </datafield>
    <datafield tag="700" ind1="1" ind2=" ">
      <subfield code="a">Harris, J. Rendel</subfield>
      <subfield code="q">(James Rendel),</subfield>
      <subfield code="d">1852-1941,</subfield>
      <subfield code="e">former owner.</subfield>
    </datafield>
    <datafield tag="710" ind1="2" ind2=" ">
      <subfield code="a">J. Rendel Harris Collection (Quaker &amp; Special Collections, Haverford College).</subfield>
      <subfield code="5">PHC</subfield>
    </datafield>
    <datafield tag="856" ind1="4" ind2="1">
      <subfield code="z">Digital facsimile in OPenn</subfield>
      <subfield code="u">http://openn.library.upenn.edu/Data/0006/html/harris_062.html</subfield>
    </datafield>
    <datafield tag="852" ind1=" " ind2=" ">
      <subfield code="b">Quaker and Special Collections, Rendel Harris</subfield>
	  <subfield code="a">Haverford College</subfield>
      <subfield code="e">Haverford</subfield>
      <subfield code="u">https://www.haverford.edu/library</subfield>
    </datafield>
    <datafield tag="880" ind1="1" ind2="2">
      <subfield code="6">245-01/r</subfield>
      <subfield code="a">ܐܠܬܘܪܐܬ.</subfield>
    </datafield>
    <datafield tag="066" ind1=" " ind2=" ">
      <subfield code="c">Syrc</subfield>
    </datafield>
  </record></collection>